%% LaTeX2e file `embedded.bib'
%% generated by the `filecontents' environment
%% from source `2025SS_TeamBlau_Architektur_GetraenkeIO' on 2025/06/20.
%%
@Online{conatiners,
    author = {IBM},
    title = {Was sind Container?},
    url = {https://www.ibm.com/de-de/topics/containers},
    year = {2025}
}
@Online{sqlmodel,
    author = {Sebastián Ramírez},
    title = {SQLModel},
    url = {https://sqlmodel.tiangolo.com/},
    year= {2025}
}
@Online{openapi,
    author = {The Linux Foundation},
    title = {OpenAPI-Spezifikation},
    url = {https://spec.openapis.org/oas/latest.html},
    year= {2025}
}
@Online{swagger,
    author = {{SMARTBEAR}},
    title = {Swagger},
    url = {https://swagger.io/},
    year= {2025}
}

@online{ieee2015howto,
    author = {Michael Shell},
    title = {How to Use the {IEEEtran} \LaTeX\ Class},
    url = {http://mirrors.ctan.org/macros/latex/contrib/IEEEtran/IEEEtran_HOWTO.pdf},
    year = {2015}
}
@online{ieee2018formattingrules,
    author = {{IEEE}},
    title = {Conference Template and Formatting Specifications},
    url = {https://www.ieee.org/content/dam/ieee-org/ieee/web/org/conferences/Conference-template-A4.doc},
    year = {2018}
}
@online{iaria2014formattingrules,
    author = {{IARIA}},
    title = {Formatting Rules},
    url = {http://www.iaria.org/formatting.doc},
    year = {2014}
}
@online{iaria2009editorialrules,
    _author = {Cosmin Dini},
    author = {{IARIA}},
    title = {Editorial Rules},
    url = {https://www.iaria.org/editorialrules.html},
    year = {2009}
}
@online{languagetool,
    author = {{LanguageTooler GmbH}},
    title  = {{LangueTool}},
    url    = {https://languagetool.org/overleaf}
}
@online{overleaf,
    author = {{Digital Science UK Limited}},
    title  = {{Overleaf}},
    url    = {https://www.overleaf.com}
}
@online{drinkscounter,
    author = {{Matthias Aigner}},
    title = {{Getränke Zähler App}},
    url = {https://drinkscounter.com/de/getraenke-zaehler-app.html}
}
@online{getraenkelisteapp,
    author = {{iqmeta GmbH}},
    title = {{Getränkeliste App}},
    url = {https://iqmeta.com/gliste/}
}
@online{getraenkewart,
    author = {{sparse creations GmbH}},
    title = {{Getränkewart 2.0}},
    url = {https://getraenkewart.com/}
}
