    @TECHREPORT{selfref,
        author = {Dotzler Martin \& Ehrles Andreas \& Taach Eduard \& Wegerer Nikolas \& Weinhut Justin \& Christoph P. Neumann},
        title  = {\cstechrepTitleBib},
        institution = {\cstechrepInstitution, \cstechrepDepartment},
        type   = {\cstechrepType},
        number = {\cstechrepNumber},
        year   = {2025},
        month  = {7},
        langid  = {ngerman},
    }
