    @TECHREPORT{selfref,
        author = {Eduard Taach und Justin Weinhut und Martin Dotzler und Nikolas Wegerer und Andreas Ehrles und Christoph P. Neumann},
        title  = {\cstechrepTitleBib},
        institution = {\cstechrepInstitution, \cstechrepDepartment},
        type   = {\cstechrepType},
        number = {\cstechrepNumber},
        year   = {2025},
        month  = {5},
        langid  = {ngerman},
    }
